% Term paper bibtex file
% CSC 300: Professional Responsibilities
% Dr. Clark Turner

@misc{marketWatch,  
 author  = {Michael Ashbaugh},
 title   = {Closing out the historic 2008 market crash},
 year    = {2008},
 month   = {Dec.},
 day     = {23},
 url     = {http://www.marketwatch.com/story/closing-out-the-historic-2008-market-crash},
 annote  = {MarketWatch report of the after effects of the financial crisis of 2008},
}

@misc{ratingEthics,  
 author  = {Zeke Faux},
 title   = {Moody's, S\&P Caved In to Ratings Pressure From Goldman, UBS Over Mortgages},
 year    = {2011},
 month   = {April},
 day     = {13},
 url     = {http://www.bloomberg.com/news/2011-04-13/moody-s-s-p-caved-to-mortgage-pressure-by-goldman-ubs-levin-report-says.html},
 annote  = {Bloombergs report on the rating agencies poor credit ratings},
}

@misc{CivilLiability,  
 author  = {Jonathan S. Sack, Stephen M. Juris},
 title   = {Rating Agencies: Civil Liability Past and Future},
 year    = {2007},
 month   = {Nov.},
 day     = {5},
 url     = {http://www.maglaw.com/publications/data/00144/_res/id=sa_File1/07011070002Morvillo.pdf},
 annote  = {The history of credit ratings and the ethics behind many of the agencies today},
}

@misc{gatekeepers,  
 author  = {Frank Partnoy},
 title   = {How and Why Credit Rating Agencies are Not Like Other Gatekeepers},
 year    = {2006},
 month   = {May},
 day     = {04},
 url     = {http://papers.ssrn.com/sol3/papers.cfm?abstract_id=900257},
 annote  = {A discussion of how credit rating agencies are different than most other regulatory agencies that exist in other markets. He also goes into the conflict of interest that exists.},
}

@misc{hRatingEthics,  
 author  = {William Alden},
 title   = {Rating Agencies Repeatedly Caved To Banks' Demands And Helped Cause Crisis, Report Finds},
 year    = {2011},
 month   = {April},
 day     = {14},
 url     = {http://www.huffingtonpost.com/2011/04/14/rating-agencies-financial-crisis_n_849410.html},
 annote  = {Huffington report's coverge of the rating agencies bad ratings},
}

@misc{govtReport,  
 author  = {Committee on Homeland Security and Governmental Affairs, Carl Levin, Tom Coburn},
 title   = {Wall Street and the Financial Crisis: Anatomy of a Financial Collapse},
 year    = {2011},
 month   = {April},
 day     = {13},
 url     = {http://fcic.law.stanford.edu/report},
 annote  = {Official government report on the investigation into the 2008 financial crash},
}
@misc{wpMoodies,  
 author  = {Alec Klein},
 title   = {Smoothing the Way for Debt Markets},
 year    = {2004},
 month   = {Nov.},
 day     = {23},
 url     = {http://www.washingtonpost.com/wp-dyn/articles/A5573-2004Nov22.html},
 annote  = {The history of Moody's as well as how the debt markets got started.},
}

@misc{SEcode,  
 title   = {SE Code of Ethics},
 url     = {http://www.acm.org/about/se-code},
 annote  = {Software engineering code of ethics, where much of the ethical judgement is derived from.},
}

@misc{kant,  
 title   = {Kant's Moral Philosophy},
 url     = {http://plato.stanford.edu/entries/kant-moral/},
 annote  = {Used to help back ethical decisions made},
}

@misc{utility,  
 title   = {Utilitarian Theories},
 url     = {http://caae.phil.cmu.edu/cavalier/80130/part2/sect9.html},
 annote  = {Outlines Act and Rule utilitarianism and defines them - Used to define Act Utilitarianism},
}

@misc{rawlsian,  
 title   = {John Rawls on Justice},
 url     = {http://www.wku.edu/~jan.garrett/ethics/johnrawl.htm},
 annote  = {Describes Rawlsian Justice - Used to define Rawlsian Justice},
}


@misc{collapseImpact,  
 author  = {Michael D. Hurd, Susann Rohwedder},
 title   = {Effects of the Financial Crisis and Great Recession on American Households},
 year    = {2010},
 month   = {September},
 url     = {http://www.nber.org/papers/w16407},
 annote  = {Paper on the effects of the financial class on the US people},
}

@misc{huffCreditCause,  
 author  = {Rachelle Younglai, Sarah N. Lynch},
 title   = {Credit Rating Agencies Triggered Financial Crisis, U.S. Congressional Report Finds},
 year    = {2011},
 month   = {April},
 day     = {13},
 url     = {http://www.huffingtonpost.com/2011/04/13/credit-rating-agencies-triggered-crisis-report_n_848944.html},
 annote  = {Huffington Post news story on the congressional report about the financial collapse},
}

@misc{SnP,  
 title   = {Standard and Poor's - Who We Are},
 url     = {http://www2.standardandpoors.com/sandp_150/sp150/who-we-are.shtml},
 annote  = {Standard and Poor's main company website and gathered data from there},
}

@misc{Moodys,  
 title   = {Moody's Credit Ratings},
 url     = {http://www.moodys.com},
 annote  = {Moody's main company website},
}

@misc{quantsRole,
 author  = {Joseph Fuller},
 title   = {The Terminator Comes to Wall Street: How computer modeling worsened the financial crisis and what we ought to do about it.},
 url     = {http://www.theamericanscholar.org/the-terminator-comes-to-wall-street/},
 annot   = {A description of the roll of "quants" in the financial world and how they worsened the financial crisis.  It also shows how they aided in the poor ratings given by the credit rating agencies.},
}

@misc{economistCreditCrunch,
 title   = {CSI: Credit Crunch},
 year    = {2007},
 month   = {October},
 day     = {18},
 url     = {http://www.economist.com/node/9972489?story_id=9972489},
 annot   = {Lists some facts about the US housing price raising.},
}

@misc{secMBS,
 title   = {Mortgage Backed Securities},
 url     = {http://www.sec.gov/answers/mortgagesecurities.htm},
 annot   = {Definition by the SEC of mortgage backed securities.},
}

@misc{wiredFormula,  
 author  = {Felix Salmon},
 title   = {Recipe for Disaster: The Formula That Killed Wall Street},
 year    = {2009},
 month   = {February},
 day     = {23},
 url     = {http://www.wired.com/print/techbiz/it/magazine/17-03/wp_quant},
 annote  = {Wired article about the roll quantitative analysts and the Gausian Copola Funtion in the financial collapse.},
}

@misc{nyTimesQuants,  
 author  = {Saul Hansell},
 title   = {How Wall Street Lied to Its Computers},
 year    = {2008},
 month   = {September},
 day     = {18},
 url     = {http://bits.blogs.nytimes.com/2008/09/18/how-wall-streets-quants-lied-to-their-computers/},
 annote  = {Article in the NY Times about how quants and the financial industry used models to generate results that they wanted to see.},
}

@misc{nyTimesCalpers,
 author  = {Leslie Wayne},
 title   = {Calpers Sues Over Ratings of Securities},
 year    = {2009},
 month   = {July},
 day     = {14},
 url     = {http://www.nytimes.com/2009/07/15/business/15calpers.html},
 annote  = {Article in the NY Times about the lawsuit Calpers, the nations largest pension fund, filed against the three credit rating agencies.},
}

@misc{nyTimesFirstAmendment,
 author  = {David Segal},
 title   = {A Matter of Opinion?},
 year    = {2009},
 month   = {July},
 day     = {18},
 url     = {http://www.nytimes.com/2009/07/19/business/19floyd.html},
 annote  = {NY Times article about Floyd Abrams and his defense of Standard \& Poors using the First Amendment},
}

@misc{ftGaussianCopula,
 author  = {Sam Jones},
 title   = {A Matter of Opinion?},
 year    = {2009},
 month   = {April},
 day     = {24},
 url     = {http://www.ft.com/cms/s/2/912d85e8-2d75-11de-9eba-00144feabdc0.html#axzz1NZTprDw8},
 annote  = {Financial Times article on the Gaussian Copula function and its effect on Wall Street},
}

@misc{bribeDef,
 url     = {http://www.merriam-webster.com/dictionary/bribe},
 annote  = {Used to define the word "bribe."},
}

@misc{secCRAreport,
 author  = {Securities and Exchange Commission},
 title   = {Summary Report of Issues Identified in the Commission Staffâ€™s Examinations of Select Credit Rating Agencies},
 year    = {2008},
 month   = {July},
 url     = {http://www.sec.gov/news/studies/2008/craexamination070808.pdf},
 annote  = {Securities and Exchange Commissions report of their investigation on Credit Rating Agencies performance and actions following the credit crisis},
}

@misc{SEA,
 title   = {Securities Exchange Act of 1934},
 year    = {1934},
 url     = {http://taft.law.uc.edu/CCL/34ActRls/rule17g-5.html},
 annote  = {``General Rules and Regulations promulgated under the Securities Exchange Act of 1934'' used to cite the law on what can be determined as `Conflict of Interest'},
}

@misc{CRS,
 author  = {Gary Shorter and Michael V. Seitzinger},
 title   = {Credit Rating Agencies and Their Regulation},
 year    = {2009},
 month   = {September},
 day	 = {3},
 url     = {http://garrett.house.gov/UploadedFiles/Credit_Rating_Agencies.pdf},
 annote  = {Securities and Exchange Commissions report of their investigation on Credit Rating Agencies performance and actions following the credit crisis},
}

@misc{MBSInfo,
 title   = {About MBS/ABS - Securitization: An Overview},
 url     = {http://www.investinginbonds.com/learnmore.asp?catid=11&subcatid=56},
 annote  = {Summary and explination of how Mortgage-backed securities work and how they are created},
}

@misc{firstAmendment,
 title   = {First Amendment - the Bill of Rights},
 url     = {http://www.archives.gov/exhibits/charters/bill_of_rights_transcript.html},
 annote  = {Transcript of the Bill of Rights and the amendments to the constitution of the United States.},
}

@misc{dataIntegrityDef,
 title   = {Definition of Data Integrity},
 url     = {http://www.pcmag.com/encyclopedia_term/0.2542.t=data+integrity&i=40792.00.asp},
 annote  = {Definition of `data integrity' used in the Analysis Section 4.3},
}